%% This document is a bibtex export of HAL publication
%% Date of the export : 02/05/2012
%% Criteria : Author : 'friggeri'

%%
%% inria-00490195, version 2
%% http://hal.inria.fr/inria-00490195
%%

@patent{anqilu:2017:CN920170005US1:,
	author = {Anqi Lu and Suning Zhao and Haoran Hu and Chunlei Shang},
	title = {A Method to Perform Commands of Software {Command-Line} Interface in {Editor-Like} Pattern},
	number = {CN920170005US1},
	year = {2017},
	holder = {IBM},
	location = {China},
	month = {January}
}

@patent{anqilu:2016:IPCOM000246517D:,
	author = {Anqi Lu and Sheng Tan and Tao Qian and Wengang Luo and Chunlei Shang},
	title = {A {Load-aware} Architecture for Power Distribution System},
	number = {IPCOM000246517D},
	year = {2016},
	holder = {IBM},
	location = {China},
	month = {June},
	url = {http://priorart.ip.com/IPCOM/000246517D},
}

@patent{anqilu:2016:IPCOM000246936D:,
	author = {Anqi Lu and Suning Zhao and Haoran Hu and Chunlei Shang},
	title = {A Methodology to Synchronize Technical Blog with Official Documentation},
	number = {IPCOM000246936D},
	year = {2016},
	holder = {IBM},
	location = {China},
	month = {June},
	url = {http://priorart.ip.com/IPCOM/000246936D},
}
