%% This document is a bibtex export of HAL publication
%% Date of the export : 02/05/2012
%% Criteria : Author : 'friggeri'

%%
%% inria-00490195, version 2
%% http://hal.inria.fr/inria-00490195
%%

@patent{anqilu:2017:CN820160733:,
	author = {Anqi Lu and Suning Zhao and Haoran Hu and Chunlei Shang},
    title = {一种在编辑器中执行命令行指令的方法},
	number = {CN820160733},
	year = {2017},
	holder = {IBM},
	location = {中国},
	month = {1月}
}

@patent{anqilu:2016:IPCOM000246517D:,
	author = {Anqi Lu and Sheng Tan and Tao Qian and Wengang Luo and Chunlei Shang},
	title = {一种智能感知负载的电力分布系统},
	number = {IPCOM000246517D},
	year = {2016},
	holder = {IBM},
	location = {China},
	month = {June},
	url = {http://priorart.ip.com/IPCOM/000246517D},
}

@patent{anqilu:2016:IPCOM000246936D:,
	author = {Anqi Lu and Suning Zhao and Haoran Hu and Chunlei Shang},
	title = {一种同步技术类博客与其依赖的官方文档的方法},
	number = {IPCOM000246936D},
	year = {2016},
	holder = {IBM},
	location = {China},
	month = {June},
	url = {http://priorart.ip.com/IPCOM/000246936D},
}